<record><leader>00000cas a2200000 a 4500</leader><controlfield tag="001">25357207</controlfield><controlfield tag="008">920227d19271927iluuu ne      0   a0eng c</controlfield><datafield ind1=" " ind2=" " tag="010"><subfield code="a">sn 92054499 </subfield></datafield><datafield ind1=" " ind2=" " tag="040"><subfield code="a">NVF</subfield><subfield code="b">eng</subfield><subfield code="c">NVF</subfield><subfield code="d">DLC</subfield><subfield code="d">NVF</subfield><subfield code="d">OCLCO</subfield><subfield code="d">NVF</subfield><subfield code="d">OCLCO</subfield></datafield><datafield ind1="1" ind2=" " tag="029"><subfield code="a">AU@</subfield><subfield code="b">000025901436</subfield></datafield><datafield ind1=" " ind2=" " tag="042"><subfield code="a">pcc</subfield></datafield><datafield ind1=" " ind2=" " tag="043"><subfield code="a">n-us-il</subfield></datafield><datafield ind1="0" ind2="4" tag="245"><subfield code="a">The Peoria County Republican.</subfield></datafield><datafield ind1=" " ind2=" " tag="260"><subfield code="a">[Place of publication not identified] :</subfield><subfield code="b">Committee of Public Safety,</subfield><subfield code="c">1927.</subfield></datafield><datafield ind1=" " ind2=" " tag="300"><subfield code="a">v.</subfield></datafield><datafield ind1="1" ind2=" " tag="362"><subfield code="a">Began in 1927; ceased in 1927.</subfield></datafield><datafield ind1="4" ind2=" " tag="521"><subfield code="a">Campaign newspaper for Charles C. Craig in the election of Supreme Court Justice in 1927.</subfield></datafield><datafield ind1=" " ind2=" " tag="588"><subfield code="a">Description based on: June 4, 1927.</subfield></datafield><datafield ind1=" " ind2=" " tag="588"><subfield code="a">Latest issue consulted: June 4, 1927.</subfield></datafield><datafield ind1="1" ind2="0" tag="600"><subfield code="a">Craig, Charles C.</subfield><subfield code="v">Newspapers.</subfield></datafield><datafield ind1=" " ind2="0" tag="650"><subfield code="a">Campaign literature, 1927</subfield><subfield code="z">Illinois</subfield><subfield code="v">Newspapers.</subfield></datafield><datafield ind1=" " ind2="0" tag="650"><subfield code="a">Judges</subfield><subfield code="z">Illinois</subfield><subfield code="x">Elections,</subfield><subfield code="d">1927</subfield><subfield code="v">Newspapers.</subfield></datafield><datafield ind1=" " ind2="0" tag="651"><subfield code="a">Peoria County (Ill.)</subfield><subfield code="x">Politics and government</subfield><subfield code="y">20th century.</subfield></datafield><datafield ind1=" " ind2="0" tag="651"><subfield code="a">Illinois</subfield><subfield code="x">Politics and government</subfield><subfield code="y">20th century.</subfield></datafield><datafield ind1="2" ind2=" " tag="710"><subfield code="a">Committee of Public Safety (Peoria County, Ill.).</subfield><subfield code="k">Newspapers.</subfield><subfield code="4">pbl</subfield></datafield><datafield ind1=" " ind2=" " tag="752"><subfield code="a">United States</subfield><subfield code="b">Illinois</subfield><subfield code="c">Peoria County.</subfield></datafield></record>